@article{FCAD1,
author={Bruno, Oscar P. and Mark Lyon},
title={High-order unconditionally stable FC-AD solvers for general smooth domains I. Basic elements},
journal={Journal of Computational Physics},
volume={229},
year=2010,
pages={2009-2033}
}
@article{FCAD2,
author={Lyon, Mark and Oscar P. Bruno},
title={High-order unconditionally stable FC-AD solvers for general smooth domains II. Elliptic, parabolic and hyperbolic PDEs; theoretical considerations},
journal={Journal of Computational Physics},
volume={229},
year=2010,
pages={3358-3381}
}
@article{FC1,
author={Bruno, Oscar P. and Youngae Han and Matthew M. Pohlman},
title={Accurate, high-order representation of complex three-dimensional surfaces via Fourier continuation analysis},
journal={Journal of Computational Physics},
volume={227},
year=2007,
pages={1094-1125}
}

@book{BO,
author={Bender, Carl M. and Steven A. Orszag},
title={Advanced Mathematical Methods for Scientists and Engineers; Asymptotic Methods and Perturbation Theory},
publisher={Springer},
year=1999
}

@article{Platte,
author={Platte, Rodrigo B. and Lloyd N. Trefethen and Arno B.J. Kuijlaars},
title={Impossibility of Fast Stable Approximation of Analytic Functions from Equispaced Samples},
journal={SIAM Review},
volume={53(2)},
year=2011,
pages={308-318}
}
